@article{searleAIdefinition,
    author    = "John R. Searle",
    title     = "Minds, Brains, and Programs",
    journal   = "Behavioral and Brain Sciences 3",
    number    = "3",
    pages     = "417--457",
    year      = "1980",
    address   = "Berkeley, California",
    note      = "\url{http://cogprints.org/7150/1/10.1.1.83.5248.pdf}"
}

@article{CEI,
    author    = "(Washington Consulting Group, Computer Ethics Institute), Ramon C. Barquin",
    title     = "In Pursuit of a 'Ten Commandments' for Computer Ethics",
    institution = "Computer Ethics Institute",
    year      = "May 7, 1992",
    note      = "\url{http://computerethicsinstitute.org/barquinpursuit1992.html} \url{http://computerethicsinstitute.org/publications/tencommandments.html}"
}

@article{Moor,
    author    = {Moor, James H.},
    title     = {WHAT IS COMPUTER ETHICS?},
    journal   = {Metaphilosophy},
    volume    = {16},
    number    = {4},
    pages     = {266-275},
    year      = {1985}
}

@article{IntelligenceAnalysis,
    author    = "Vinayak Mathur and Yannis Stavrakas and Sanjay Singh (Department of Information and Communication Technology. Manipal Institute of Technology. Manipal University)",
    title     = "Intelligence Analysis of Tay Twitter Bot",
    pages     = {231-236},
    year      = {2016}
}

@misc{nytimes,
    author    = "John Markoff and Paul Mozur",
    title     = "For Sympathetic Ear, More Chinese Turn to Smartphone Program",
    year      = "31 July, 2015",
    note      = "\url{https://www.nytimes.com/2015/08/04/science/for-sympathetic-ear-more-chinese-turn-to-smartphone-program.html}"
}

@misc{microsoftstatement,
    author    = "(University of Missouri-St. Louis), K. W. Miller and (Bemidji State University), Marty J. Wolf and (Sacred Heart University), Frances S. Grodzinsky",
    title     = "Why We Should Have Seen That Coming: Comments on Microsoft’s Tay 'Experiment,' and Wider Implications",
    year      = "October, 2017",
    note      = "\url{https://digitalcommons.sacredheart.edu/computersci_fac/103/}"
}

@misc{statementpeterlee,
    author    = "(Corporate Vice President, Microsoft Healthcare), Peter Lee",
    title     = "Learning from Tay’s introduction",
    year      = "25 March, 2016",
    note      = "\url{https://blogs.microsoft.com/blog/2016/03/25/learning-tays-introduction/}"
}

@misc{AIdefinitions,
    author    = "(William S. Boyd School of Law. University of Nevada, Las Vegas), R. Martinez",
    title     = "ARTIFICIAL INTELLIGENCE: DISTINGUISHING BETWEEN TYPES & DEFINITIONS",
    year      = "28 May 2019",
    note      = "\url{https://scholars.law.unlv.edu/cgi/viewcontent.cgi?article=1799&context=nlj}"
}

@misc{IEEE,
    author    = "IEEE (Institute of Electrical and Electronics Engineers)",
    title     = "7.8 IEEE Code of Ethics",
    note      = "\url{https://www.ieee.org/about/corporate/governance/p7-8.html}"
}

@misc{ACM,
    author    = "ACM Code 2018 Task Force: Executive Committee Don Gotterbarn (Chair), Bo Brinkman and Catherine Flick and Michael S Kirkpatrick and Keith Miller and Kate Varansky and Marty J Wolf. Members: Eve Anderson and Ron Anderson and Amy Bruckman and Karla Carter and Michael Davis and Penny Duquenoy and Jeremy Epstein and Kai Kimppa and Lorraine Kisselburgh and Shrawan Kumar and Andrew McGettrick and Natasa Milic-Frayling and Denise Oram and Simon Rogerson and David Shama and Janice Sipior and Eugene Spafford and Les Waguespack. The Task Force was organized by the ACM Committee on Professional Ethics. Significant contributions to the Code were also made by the broader international ACM membership.",
    title     = "ACM Code of Ethics and Professional Conduct",
    note      = "Adopted on June 22nd, 2018. \url{https://ethics.acm.org/code-of-ethics/}"
}

@misc{definitionOfATroll,
    author    = "Merriam-webster",
    note      = "Definition of trolls: people who antagonize (others) online by deliberately posting inflammatory, irrelevant, or offensive comments or other disruptive content", \url{https://www.merriam-webster.com/dictionary/troll}"
}

